# ----------------------------------------------------------------- online resource -------------------------------------------------------- #

@misc{dxr_release,
    author = "D3D Team",
    title = "Announcing Microsoft DirectX Raytracing!",
    howpublished = "\url{https://devblogs.microsoft.com/directx/announcing-microsoft-directx-raytracing/}",
    note = "Accessed 19/08/2021"
}

@misc{vulkan_rt_release,
    author = "Daniel Koch - NVIDIA, Vulkan Ray Tracing TSG Chair",
    title = "Vulkan Ray Tracing Final Specification Release",
    howpublished = "\url{https://www.khronos.org/blog/vulkan-ray-tracing-final-specification-release}",
    note = "Accessed 19/08/2021"
}

@misc{optix,
    author = "Nvidia",
    title = "NVIDIA OptiX™ Ray Tracing Engine",
    howpublished = "\url{https://developer.nvidia.com/optix}",
    note = "Accessed 19/08/2021"
}

@misc{mc,
    author = "Mojang Studios",
    title = "Welcome to Minecraft",
    howpublished = "\url{https://www.minecraft.net/en-us}",
    note = "Accessed 19/08/2021"
}

@misc{no_mans_sky,
    author = "Hello Games",
    title = "NO MAN'S SKY - FRONTIERS",
    howpublished = "\url{https://www.nomanssky.com}",
    note = "Accessed 13/10/2021"
}

@misc{terragen,
    author = "PlanetSide Software",
    title = "Render beautifully realistic CG environments",
    howpublished = "\url{https://planetside.co.uk/}",
    note = "Accessed 12/10/2021"
}

@misc{picogen,
    author = "Behroze Nejaati",
    title = "A free Terrain Synthesizer and Renderer.",
    howpublished = "\url{https://picogen.org/}",
    note = "Accessed 12/10/2021"
}

@misc{glm,
    author = "g-truc",
    title = "OpenGL Mathematics (GLM)",
    howpublished = "\url{https://github.com/g-truc/glm}",
    note = "Accessed 05/10/2021"
}

@misc{glfw,
    author = "glfw",
    title = "A multi-platform library for OpenGL, OpenGL ES, Vulkan, window and input",
    howpublished = "\url{https://github.com/glfw/glfw}",
    note = "Accessed 05/10/2021"
}

@misc{glad,
    author = "Dav1dde",
    title = "Multi-Language Vulkan/GL/GLES/EGL/GLX/WGL Loader-Generator based on the official specs.",
    howpublished = "\url{https://github.com/Dav1dde/glad}",
    note = "Accessed 05/10/2021"
}

@misc{stb,
    author = "nothings",
    title = "stb single-file public domain libraries for C/C++",
    howpublished = "\url{https://github.com/nothings/stb}",
    note = "Accessed 05/10/2021"
}

@misc{catch2,
    author = "catchorg",
    title = "A modern, C++-native, header-only, test framework for unit-tests, TDD and BDD - using C++11, C++14, C++17 and later (or C++03 on the Catch1.x branch)",
    howpublished = "\url{https://github.com/catchorg/Catch2}",
    note = "Accessed 05/10/2021"
}

@book{gems3,
    author = "Contributors: https://developer.nvidia.com/gpugems/gpugems3/contributors",
    title = "GPU Gems 3",
    publisher = "NVIDIA Corporation",
    year = "2007",
    note = "Online: https://developer.nvidia.com/gpugems/gpugems3/contributors, accessed 12/10/2021"
}

@misc{cuda1102_defect,
    author = "NVIDIA Corporation",
    title = "NVIDIA CUDA Toolkit Release Notes",
    howpublished = "\url{https://docs.nvidia.com/cuda/archive/11.2.0/cuda-toolkit-release-notes/index.html#cuda-compiler-known-issues/}",
    note = "Accessed 08/11/2021"
}

@misc{mc_biome,
    title = "Generating terrain in Cuberite",
    howpublished = "\url{http://cuberite.xoft.cz/docs/Generator.html}",
    note = "Accessed 14/11/2021"
}

@misc{fast_gaussian,
    title = "Fastest Gaussian Blur (in linear time)",
    author = "Ivan Kutskir",
    howpublished = "\url{http://blog.ivank.net/fastest-gaussian-blur.html}",
    note = "Accessed 14/11/2021"
}

# ---------------------------------------------------------- academic resource ------------------------------------------------------------ #

@MastersThesis{kang_sim_han_2018,
    author = "HyeongYeop Kang and Yeram Sim and JungHyun Han",
    title = "Terrain rendering with unlimited detail and resolution",
    school = "Department of Computer Science and Engineering, Korea University, Seoul, Republic of Korea",
    year = "Received in September 2016, revised in April 2018"
}

@inbook{texturing_modeling,
    author = "David S Ebert and F Kenton Musgrave and Darwyn Peachey and Ken Perlin and Steven Worley and William R Mark and John C Hart",
    title = "TEXTURING \& MODELING, A Procedural Approach",
    chapter = "16",
    pages = "489-506",
    publisher = "Morgan Kaufmann Publishers",
    year = "2002",
    address = "An imprint of Elsevier Science, 340 Pine Street, Sixth Floor, San Francisco, CA 94104-3205",
    note = "ISBN 1-55860-848-6, LCCN 2002107243"
}

@inproceedings{marching_cubes,
    author = "William E. Lorensen and Harvey E. Cline",
    title = "MARCHING CUBES: A HIGH RESOLUTION, 3D SURFACE CONSTRUCTION ALGORITHM",
    booktitle = "SIGGRAPH'87: Proceedings of the 14th annual conference on Computer graphics and interactive techniques",
    year = "1987",
    month = "August",
    pages = "163-169",
    volume = "21",
    organization = "General Electric Company, Corporate Research and Development, Schenectady, New York 12301"
}

@techreport{simplex_demystified,
    author = "Stefan Gustavson",
    title = "Simplex noise demystified",
    institution = "Linköping University, Sweden",
    year = "2005",
    month = "March"
}

@inproceedings{perlin_noise,
    author = "Ken Perlin",
    title = "An Image Synthesizer",
    booktitle = "SIGGRAPH '85: Proceedings of the 12th annual conference on Computer graphics and interactive techniques",
    year = "1985",
    month = "July",
    volume = "19",
    pages = "287-296",
    organization = "Courant Institute of Mathematical Sciences, New York University",
}

@inproceedings{simplex_noise,
    author = "Ken Perlin",
    title = "Noise Hardware",
    booktitle = "SIGGRAPH 2002 Course 36 Notes Real-Time Shading Languages",
    year = "2002",
    organization = "Department of Computer Science, New York University",
}

@inproceedings{improved_perlin,
    author = "Ken Perlin",
    title = "Improving Noise",
    booktitle = "SIGGRAPH '02: Proceedings of the 29th annual conference on Computer graphics and interactive techniques",
    year = "2002",
    month = "July",
    pages = "681-682",
    organization = "Media Research Laboratory, Dept. of Computer Science, New York University",
}

@inproceedings{cell_based_erosion,
    author = "Ondˇrej Št'ava and Bedˇrich Beneš and Matthew Brisbin and Jaroslav Kˇrivánek",
    title = "Interactive Terrain Modeling Using Hydraulic Erosion",
    booktitle = "SCA '08: Proceedings of the 2008 ACM SIGGRAPH/Eurographics Symposium on Computer Animation",
    year = "2008",
    month = "July",
    pages = "201-210",
    editor = "M. Gross and D. James",
    organization = "Czech Technical University in Prague and Purdue University",
}

@article{particle_based_erosion,
    author = "n. chiba and k. muraoka and k. fujita",
    title = "An Erosion Model Based on Velocity Fields for the Visual Simulation of Mountain Scenery",
    journal = "THE JOURNAL OF VISUALIZATION AND COMPUTER ANIMATION",
    year = "1998",
    pages = "185-194",
    volume = "9"
}

@techreport{parameter_particle_based,
    author = "Hans Theobald Beyer",
    title = "Implementation of a method for hydraulic erosion",
    institution = "DEPARTMENT OF INFORMATICS, TECHNISCHE UNIVERSITÄT MÜNCHEN",
    year = "2015",
    type = "Bachelor's Thesis"
}