@misc{cuda1102_defect,
    author = "NVIDIA Corporation",
    title = "NVIDIA CUDA Toolkit Release Notes",
    howpublished = "\url{https://docs.nvidia.com/cuda/archive/11.2.0/cuda-toolkit-release-notes/index.html#cuda-compiler-known-issues/}",
    note = "Accessed 08/11/2021"
}

@misc{mc,
    author = "Mojang Studios",
    title = "Welcome to Minecraft",
    howpublished = "\url{https://www.minecraft.net/en-us}",
    note = "Accessed 19/08/2021"
}

@misc{no_mans_sky,
    author = "Hello Games",
    title = "NO MAN'S SKY - FRONTIERS",
    howpublished = "\url{https://www.nomanssky.com}",
    note = "Accessed 13/10/2021"
}

@misc{terragen,
    author = "PlanetSide Software",
    title = "Render beautifully realistic CG environments",
    howpublished = "\url{https://planetside.co.uk/}",
    note = "Accessed 12/10/2021"
}

@misc{picogen,
    author = "Behroze Nejaati",
    title = "A free Terrain Synthesizer and Renderer.",
    howpublished = "\url{https://picogen.org/}",
    note = "Accessed 12/10/2021"
}

@misc{glfw,
    author = "glfw",
    title = "A multi-platform library for OpenGL, OpenGL ES, Vulkan, window and input",
    howpublished = "\url{https://github.com/glfw/glfw}",
    note = "Accessed 05/10/2021"
}

@techreport{simplex_demystified,
    author = "Stefan Gustavson",
    title = "Simplex noise demystified",
    institution = "Linköping University, Sweden",
    year = "2005",
    month = "March"
}

@inproceedings{perlin_noise,
    author = "Ken Perlin",
    title = "An Image Synthesizer",
    booktitle = "SIGGRAPH '85: Proceedings of the 12th annual conference on Computer graphics and interactive techniques",
    year = "1985",
    month = "July",
    volume = "19",
    pages = "287-296",
    organization = "Courant Institute of Mathematical Sciences, New York University",
}

@inproceedings{simplex_noise,
    author = "Ken Perlin",
    title = "Noise Hardware",
    booktitle = "SIGGRAPH 2002 Course 36 Notes Real-Time Shading Languages",
    year = "2002",
    organization = "Department of Computer Science, New York University",
}

@inproceedings{improved_perlin,
    author = "Ken Perlin",
    title = "Improving Noise",
    booktitle = "SIGGRAPH '02: Proceedings of the 29th annual conference on Computer graphics and interactive techniques",
    year = "2002",
    month = "July",
    pages = "681-682",
    organization = "Media Research Laboratory, Dept. of Computer Science, New York University",
}

@inproceedings{cell_based_erosion,
    author = "Ondˇrej Št’ava and Bedˇrich Beneš and Matthew Brisbin and Jaroslav Kˇrivánek",
    title = "Interactive Terrain Modeling Using Hydraulic Erosion",
    booktitle = "SCA '08: Proceedings of the 2008 ACM SIGGRAPH/Eurographics Symposium on Computer Animation",
    year = "2008",
    month = "July",
    pages = "201-210",
    editor = "M. Gross and D. James",
    organization = "Czech Technical University in Prague and Purdue University",
}

@article{particle_based_erosion,
    author = "n. chiba and k. muraoka and k. fujita",
    title = "An Erosion Model Based on Velocity Fields for the Visual Simulation of Mountain Scenery",
    journal = "THE JOURNAL OF VISUALIZATION AND COMPUTER ANIMATION",
    year = "1998",
    pages = "185-194",
    volume = "9"
}

@techreport{parameter_particle_based,
    author = "Hans Theobald Beyer",
    title = "Implementation of a method for hydraulic erosion",
    institution = "DEPARTMENT OF INFORMATICS, TECHNISCHE UNIVERSITÄT MÜNCHEN",
    year = "2015",
    type = "Bachelor’s Thesis"
}

@misc{mc_biome,
    title = "Generating terrain in Cuberite",
    howpublished = "\url{http://cuberite.xoft.cz/docs/Generator.html}",
    note = "Accessed 14/11/2021"
}

@misc{fast_gaussian,
    title = "Fastest Gaussian Blur (in linear time)",
    author = "Ivan Kutskir",
    howpublished = "\url{http://blog.ivank.net/fastest-gaussian-blur.html}",
    note = "Accessed 14/11/2021"
}